<record><leader>00000cas a2200000 a 4500</leader><controlfield tag="001">11529991</controlfield><controlfield tag="008">841228d19131950ksuwr ne      0   a0eng d</controlfield><datafield ind1=" " ind2=" " tag="010"><subfield code="a">sn 84030440 </subfield></datafield><datafield ind1=" " ind2=" " tag="040"><subfield code="a">KSH</subfield><subfield code="b">eng</subfield><subfield code="c">KSH</subfield><subfield code="d">NPT</subfield><subfield code="d">OCL</subfield><subfield code="d">OCLCQ</subfield></datafield><datafield ind1=" " ind2=" " tag="042"><subfield code="a">msc</subfield></datafield><datafield ind1="0" ind2=" " tag="130"><subfield code="a">Attica independent (Attica, Kan. : 1913)</subfield></datafield><datafield ind1="1" ind2="0" tag="245"><subfield code="a">Attica independent.</subfield></datafield><datafield ind1=" " ind2=" " tag="260"><subfield code="a">Attica, Kan. :</subfield><subfield code="b">[s.n.],</subfield><subfield code="c">1913-1950.</subfield></datafield><datafield ind1=" " ind2=" " tag="300"><subfield code="a">36 v. :</subfield><subfield code="b">ill. ;</subfield><subfield code="c">40-57 cm.</subfield></datafield><datafield ind1=" " ind2=" " tag="310"><subfield code="a">Weekly</subfield></datafield><datafield ind1="0" ind2=" " tag="362"><subfield code="a">Vol. 19, no. 23 (Nov. 13, 1913)-v. 55, no. 52 (Dec. 28, 1950).</subfield></datafield><datafield ind1=" " ind2=" " tag="500"><subfield code="a">Publisher varies.</subfield></datafield><datafield ind1=" " ind2=" " tag="515"><subfield code="a">Numbering is irregular.</subfield></datafield><datafield ind1=" " ind2=" " tag="525"><subfield code="a">Some issues have supplements.</subfield></datafield><datafield ind1=" " ind2=" " tag="752"><subfield code="a">United States</subfield><subfield code="b">Kansas</subfield><subfield code="c">Harper</subfield><subfield code="d">Attica.</subfield></datafield><datafield ind1="0" ind2="0" tag="780"><subfield code="t">Independent (Attica, Kan.)</subfield><subfield code="w">(DLC)sn 84030396</subfield></datafield><datafield ind1="0" ind2="4" tag="785"><subfield code="t">Anthony republican and the Anthony bulletin (Anthony, Kan. : 1925)</subfield><subfield code="w">(DLC)sn 84030424</subfield></datafield></record>